<record><leader>00000cas a22000007a 4500</leader><controlfield tag="001">18120434</controlfield><controlfield tag="008">880622c19619999ohudr ne      0    0eng d</controlfield><datafield ind1=" " ind2=" " tag="010"><subfield code="a">sn 88078651 </subfield></datafield><datafield ind1=" " ind2=" " tag="040"><subfield code="a">ONP</subfield><subfield code="b">eng</subfield><subfield code="c">ONP</subfield><subfield code="d">OCLCQ</subfield></datafield><datafield ind1=" " ind2=" " tag="042"><subfield code="a">msc</subfield></datafield><datafield ind1="0" ind2=" " tag="130"><subfield code="a">Journal (Lorain, Ohio)</subfield></datafield><datafield ind1="1" ind2="4" tag="245"><subfield code="a">The Journal.</subfield></datafield><datafield ind1="3" ind2="0" tag="246"><subfield code="a">Sunday journal</subfield></datafield><datafield ind1=" " ind2=" " tag="260"><subfield code="a">Lorain, Ohio :</subfield><subfield code="b">Lorain Journal Co.,</subfield><subfield code="c">1961-</subfield></datafield><datafield ind1=" " ind2=" " tag="300"><subfield code="a">v.</subfield></datafield><datafield ind1=" " ind2=" " tag="310"><subfield code="a">Daily,</subfield><subfield code="b">Aug. 25, 1968-</subfield></datafield><datafield ind1=" " ind2=" " tag="321"><subfield code="a">Daily (except Sun.),</subfield><subfield code="b">June 8, 1961-Aug. 24, 1968</subfield></datafield><datafield ind1="0" ind2=" " tag="362"><subfield code="a">Vol. 82, no. 294 (June 8, 1961)-</subfield></datafield><datafield ind1=" " ind2=" " tag="500"><subfield code="a">On Sundays published as: Sunday journal, Aug. 25, 1968-June 27, 1981.</subfield></datafield><datafield ind1=" " ind2="4" tag="651"><subfield code="a">Lorain (Ohio)</subfield><subfield code="v">Newspapers.</subfield></datafield><datafield ind1=" " ind2="4" tag="651"><subfield code="a">Lorain County (Ohio)</subfield><subfield code="v">Newspapers.</subfield></datafield><datafield ind1=" " ind2=" " tag="752"><subfield code="a">United States</subfield><subfield code="b">Ohio</subfield><subfield code="c">Lorain</subfield><subfield code="d">Lorain.</subfield></datafield><datafield ind1="0" ind2="0" tag="780"><subfield code="t">Lorain journal (Lorain, Ohio : 1957)</subfield><subfield code="w">(DLC)sn 88078647</subfield></datafield><datafield ind1="1" ind2=" " tag="029"><subfield code="a">AU@</subfield><subfield code="b">000020520070</subfield></datafield></record>